@online{star-noise,
	author = {H. Hauser, E. Reinhard},
	title = {State of the Art in Procedural Noise Functions},
	date = {2010},
	url = {https://www-sop.inria.fr/reves/Basilic/2010/LLCDDELPZ10/LLCDDELPZ10STARPNF.pdf},
}

@techreport{BurgerGradientNoise2008,
	author = {Burger, Wilhelm},
	title = {Gradientenbasierte Rauschfunktionen und Perlin Noise},
	language = {german},
	institution = {School of Informatics, Communications and Media, Upper
	Austria University of Applied Sciences},
	address = {Hagenberg, Austria},
	number = {HGBTR08-02},
	year = {2008},
	month = nov,
	url = {http://staff.fh-hagenberg.at/burger/}
}


@book{fractalsAndChaos,
	author = {A.J. Crilly, R.A. Earnshaw H.Jones},
	title = {Fractals and Chaos},
	date = {1993},
}
@inbook{fadeFunction,
	author = {Perlin, Ken},
	title = {Improving noise},
	booktitle = {Proceedings of
	the 29th Annual Conference on Computer Graphics and Interactive
	Techniques},
	date = {2017},
	pages = {681-682},
}
